@book{Goodfellow,
    title={Deep Learning},
    author={Ian Goodfellow and Yoshua Bengio and Aaron Courville},
    publisher={MIT Press},
    note={\url{http://www.deeplearningbook.org}},
    year={2016}
}



@misc{w41,
  title={Week 41 Constructing a Neural Network code, Tensor flow and start Convolutional Neural Networks},
  author={Morten H. J.},
  howpublished = {"\url{https://compphysics.github.io/MachineLearning/doc/pub/week41/html/week41.html}"}, 
  year={2022}
}


@article{Vig2014ComparativeAO,
  title={Comparative Analysis of Different Classifiers for the Wisconsin Breast Cancer Dataset},
  author={Leena Vig},
  journal={Open Access Library Journal},
  year={2014},
  volume={1},
  pages={1-7}
}
